<!-- BibEdit-Template-Name: Poem -->
<!-- BibEdit-Template-Description: Poem demo template -->
<record>
  <datafield tag="041" ind1=" " ind2=" ">
    <subfield code="a"></subfield>
  </datafield>
  <datafield tag="100" ind1=" " ind2=" ">
    <subfield code="a"></subfield>
  </datafield>
  <datafield tag="245" ind1=" " ind2=" ">
    <subfield code="a">VOLATILE:Here is the title of the poem</subfield>
  </datafield>
  <datafield tag="520" ind1=" " ind2=" ">
    <subfield code="a"></subfield>
  </datafield>
  <datafield tag="909" ind1="C" ind2="0">
    <subfield code="y"></subfield>
  </datafield>
  <datafield tag="980" ind1=" " ind2=" ">
    <subfield code="a">POETRY</subfield>
  </datafield>
</record>
